<?xml version="1.0" encoding="utf-8"?>
<record xmlns="http://www.loc.gov/MARC21/slim" xmlns:xsi="http://www.w3.org/2001/XMLSchema-instance" xsi:schemaLocation="http://www.loc.gov/MARC21/slim http://www.loc.gov/standards/marcxml/schema/MARC21slim.xsd">
	<leader>     nam a22     Mi 4500</leader>
	<controlfield tag="001">4252634</controlfield>
	<controlfield tag="003">NjP</controlfield>
	<controlfield tag="006">m        d        </controlfield>
	<controlfield tag="007">cr cn |||m|||a</controlfield>
	<controlfield tag="008">180816s1984    ir      o     000 0 ara d</controlfield>
	<datafield ind1="7" ind2=" " tag="024">
		<subfield code="a">princeton_aco001199</subfield>
		<subfield code="2">local</subfield>
	</datafield>
	<datafield ind1=" " ind2=" " tag="040">
		<subfield code="a">ZYU</subfield>
		<subfield code="b">eng</subfield>
		<subfield code="c">ZYU</subfield>
	</datafield>
	<datafield ind1=" " ind2="4" tag="050">
		<subfield code="a">BP186.15</subfield>
		<subfield code="b">.S527 1984</subfield>
	</datafield>
	<datafield ind1=" " ind2=" " tag="079">
		<subfield code="a">ocm84662540</subfield>
	</datafield>
	<datafield ind1="1" ind2=" " tag="100">
		<subfield code="6">880-01</subfield>
		<subfield code="a">Sharīf al-Kāshānī, Ḥabīb Allāh,</subfield>
		<subfield code="d">-1921 or 1922.</subfield>
	</datafield>
	<datafield ind1="1" ind2="0" tag="240">
		<subfield code="6">880-02</subfield>
		<subfield code="a">Maghānim al-mujtahidīn fī ḥikam ṣalawat al-Jumʻah wa-al-ʻīdayn fī zamān al-ghaybah</subfield>
	</datafield>
	<datafield ind1="1" ind2="0" tag="245">
		<subfield code="6">880-03</subfield>
		<subfield code="a">Kitāb Maghānim al-mujtahidīn fī ḥikam ṣalawat al-Jumʻah wa-al-ʻīdayn fī zamān al-ghaybah</subfield>
		<subfield code="h">[electronic resource] /</subfield>
		<subfield code="c">bi-khaṭṭ al-muʼallif Ḥabīb Allāh al-Sharīf al-Kāthānī.</subfield>
	</datafield>
	<datafield ind1="3" ind2="0" tag="246">
		<subfield code="6">880-04</subfield>
		<subfield code="a">Maghānim al-mujtahidīn fī ḥikam ṣalawat al-Jumʻah wa-al-ʻīdayn fī zamān al-ghaybah</subfield>
	</datafield>
	<datafield ind1=" " ind2=" " tag="260">
		<subfield code="a">[Qum} :</subfield>
		<subfield code="b">[publisher not identified],</subfield>
		<subfield code="c">[1984?]</subfield>
	</datafield>
	<datafield ind1=" " ind2=" " tag="300">
		<subfield code="a">online resource (68, 158 p.) :</subfield>
		<subfield code="b">ill.</subfield>
	</datafield>
	<datafield ind1=" " ind2=" " tag="500">
		<subfield code="a">Cover t.p.</subfield>
	</datafield>
	<datafield ind1=" " ind2=" " tag="500">
		<subfield code="a">Part of the Arabic Collections Online (ACO) project, contributed by Princeton University Libraries.</subfield>
	</datafield>
	<datafield ind1=" " ind2=" " tag="533">
		<subfield code="a">Electronic reproduction.</subfield>
		<subfield code="b">New York, N.Y. :</subfield>
		<subfield code="c">New York University,</subfield>
		<subfield code="d">2018.</subfield>
		<subfield code="5">NNU</subfield>
	</datafield>
	<datafield ind1=" " ind2="0" tag="650">
		<subfield code="6">880-05</subfield>
		<subfield code="a">Jumʻah.</subfield>
	</datafield>
	<datafield ind1=" " ind2="0" tag="650">
		<subfield code="a">Prayer</subfield>
		<subfield code="x">Islam.</subfield>
	</datafield>
	<datafield ind1=" " ind2="0" tag="650">
		<subfield code="a">Islam</subfield>
		<subfield code="x">Doctrines.</subfield>
	</datafield>
	<datafield ind1="2" ind2=" " tag="710">
		<subfield code="a">Princeton University.</subfield>
		<subfield code="b">Library.</subfield>
	</datafield>
	<datafield ind1="0" ind2=" " tag="730">
		<subfield code="a">Arabic Collections Online.</subfield>
	</datafield>
	<datafield ind1="0" ind2="8" tag="776">
		<subfield code="i">Print version:</subfield>
		<subfield code="a">Sharīf al-Kāshānī, Ḥabīb Allāh, -1921 or 1922.</subfield>
		<subfield code="t">Kitāb Maghānim al-mujtahidīn fī ḥikam ṣalawat al-Jumʻah wa-al-ʻīdayn fī zamān al-ghaybah</subfield>
		<subfield code="w">(NjP)4252634</subfield>
	</datafield>
	<datafield ind1="4" ind2="0" tag="856">
		<subfield code="u">http://hdl.handle.net/2333.1/v9s4n2xm</subfield>
	</datafield>
	<datafield ind1="1" ind2=" " tag="880">
		<subfield code="6">100-01</subfield>
		<subfield code="a">شريف الكاشاني، حبيب الله،‎‎‎</subfield>
		<subfield code="d">-1921 or 1922.</subfield>
	</datafield>
	<datafield ind1="1" ind2="0" tag="880">
		<subfield code="6">240-02</subfield>
		<subfield code="a">مغانم المجتهدين في حكم صلوة الجمعة والعيدين في زمان الغيبة‎‎‎</subfield>
	</datafield>
	<datafield ind1="1" ind2="0" tag="880">
		<subfield code="6">245-03</subfield>
		<subfield code="a">كتاب مغانم المجتهدين في حكم صلوة الجمعة والعيدين في زمان الغيبة /‎‎‎</subfield>
		<subfield code="c">بخط المؤلف حبيب الله الشريف الكاثاني.‎‎‎</subfield>
	</datafield>
	<datafield ind1="3" ind2="0" tag="880">
		<subfield code="6">246-04</subfield>
		<subfield code="a">مغانم المجتهدين في حكم صلوة الجمعة والعيدين في زمان الغيبة‎‎‎</subfield>
	</datafield>
	<datafield ind1=" " ind2="0" tag="880">
		<subfield code="6">650-05</subfield>
		<subfield code="a">جمعة.‎‎‎</subfield>
	</datafield>
	<datafield ind1=" " ind2=" " tag="904">
		<subfield code="a">mnc</subfield>
		<subfield code="b">a</subfield>
		<subfield code="h">n</subfield>
		<subfield code="c">b</subfield>
		<subfield code="e">20041008</subfield>
	</datafield>
	<datafield ind1=" " ind2=" " tag="959">
		<subfield code="a">NNU</subfield>
		<subfield code="b">WEB</subfield>
		<subfield code="c">GENI</subfield>
		<subfield code="t">0</subfield>
		<subfield code="m">Electronic access</subfield>
		<subfield code="s">01</subfield>
	</datafield>
	<datafield ind1=" " ind2=" " tag="999">
		<subfield code="a">4252634</subfield>
		<subfield code="i">NjP_4252634</subfield>
		<subfield code="e">(ERROR-880)</subfield>
		<subfield code="s">princeton_aco001199</subfield>
	</datafield>
</record>
